<record xmlns="http://www.loc.gov/MARC21/slim" xmlns:xsi="http://www.w3.org/2001/XMLSchema-instance" xsi:schemaLocation="http://www.loc.gov/MARC21/slim http://www.loc.gov/standards/marcxml/schema/MARC21slim.xsd"><leader>00814cz   2200193n  4500</leader><controlfield tag="001">oca03719847 </controlfield><controlfield tag="005">20020514103115.0</controlfield><controlfield tag="008">941115n| acannaab           |a aaa      </controlfield><datafield ind1=" " ind2=" " tag="010"><subfield code="a">n  94110034 </subfield></datafield><datafield ind1=" " ind2=" " tag="040"><subfield code="a">DLC</subfield><subfield code="c">DLC</subfield><subfield code="d">DLC</subfield><subfield code="d">NjP</subfield></datafield><datafield ind1="1" ind2=" " tag="100"><subfield code="a">Maecenas, Gaius Cilnius,</subfield><subfield code="d">ca. 70 B.C.-8 B.C.</subfield></datafield><datafield ind1="0" ind2=" " tag="400"><subfield code="a">Maecenas,</subfield><subfield code="d">ca. 70 B.C.-8 B.C.</subfield></datafield><datafield ind1="1" ind2=" " tag="400"><subfield code="a">Maecenas, Caius Cilnius,</subfield><subfield code="d">ca. 70 B.C.-8 B.C.</subfield></datafield><datafield ind1="1" ind2=" " tag="400"><subfield code="a">MeÌ&#x81;ceÌ&#x80;ne,</subfield><subfield code="d">ca. 70 B.C.-8 B.C.</subfield></datafield><datafield ind1="1" ind2=" " tag="400"><subfield code="a">Mecenate,</subfield><subfield code="d">ca. 70 B.C.-8 B.C.</subfield></datafield><datafield ind1=" " ind2=" " tag="670"><subfield code="a">Richer, H. The life of Maecenas, 1748:</subfield><subfield code="b">t.p. (Maecenas); p. 1 (Caius Cilnius Maecenas)</subfield></datafield><datafield ind1=" " ind2=" " tag="670"><subfield code="a">Encyc. Brit.</subfield><subfield code="b">(Gaius Cilnius Maecenas, b. ca. 70 B.C.-d. 8 B.C.)</subfield></datafield><datafield ind1=" " ind2=" " tag="670"><subfield code="a">MeÌ&#x81;ceÌ&#x80;ne, 1967:</subfield><subfield code="b">p. 13, etc. (b. between 74 and 70 B.C.; d. Sept. 8 B.C.)</subfield></datafield><datafield ind1=" " ind2=" " tag="670"><subfield code="a">Mecenate, c1999:</subfield><subfield code="b">p. 12 (Maecenas) p. 16 (Mecenate; d. 8 B.C.)</subfield></datafield></record>